@article{ 4,
  title={Assessment of health-care waste treatment alternatives using fuzzy multi-criteria decision making approaches},
  author={Dursun, Mehtap and Karsak, E Ertugrul and Karadayi, Melis Almula},
  journal={Resources, Conservation and Recycling},
  volume={57},
  pages={98--107},
  year={2011},
  publisher={Elsevier}
}


@article{3,
  title={A fuzzy multi-criteria group decision making framework for evaluating health-care waste disposal alternatives},
  author={Dursun, Mehtap and Karsak, E Ertugrul and Karadayi, Melis Almula},
  journal={Expert Systems with Applications},
  volume={38},
  number={9},
  pages={11453--11462},
  year={2011},
  publisher={Elsevier}
}

@article{7,
  title={A novel EDAS approach on intuitionistic fuzzy set for assessment of health-care waste disposal technology using new parametric divergence measures},
  author={Mishra, Arunodaya Raj and Mardani, Abbas and Rani, Pratibha and Zavadskas, Edmundas Kazimieras},
  journal={Journal of cleaner Production},
  volume={272},
  pages={122807},
  year={2020},
  publisher={Elsevier}
}

@article{6,
  title={Assessment of health-care waste disposal methods using a VIKOR-based fuzzy multi-criteria decision making method},
  author={Liu, Hu-Chen and Wu, Jing and Li, Ping},
  journal={Waste management},
  volume={33},
  number={12},
  pages={2744--2751},
  year={2013},
  publisher={Elsevier}
}

@article{12,
  title={Fuzzy sets},
  author={Zadeh, L},
  journal={Inform Control},
  volume={8},
  pages={338--353},
  year={1965},
  publisher={Elsevier}
}

@book{2,
  title={Intuitionistic fuzzy sets},
  author={Atanassov, Krassimir T and Atanassov, Krassimir T},
  year={1999},
  publisher={Springer}
}

@article{1,
  title={Evaluation of government strategies against COVID-19 pandemic using q-rung orthopair fuzzy TOPSIS method},
  author={Alkan, Nur{\c{s}}ah and Kahraman, Cengiz},
  journal={Applied Soft Computing},
  volume={110},
  pages={107653},
  year={2021},
  publisher={Elsevier}
}

@article{9,
  title={Intuitionistic fuzzy TOPSIS method for green supplier selection problem},
  author={Rouyendegh, Babak Daneshvar and Yildizbasi, Abdullah and {\"U}st{\"u}nyer, Pelin},
  journal={Soft Computing},
  volume={24},
  pages={2215--2228},
  year={2020},
  publisher={Springer}
}

@article{5,
  title={Multiple Attribute Decision Making: Methods and Applications Springer-Verlag},
  author={Hwang, CL and Yoon, K},
  journal={New York, NY, USA},
  year={1981}
}

@article{8,
  title={Waste management models and their application to sustainable waste management},
  author={Morrissey, Anne J and Browne, John},
  journal={Waste management},
  volume={24},
  number={3},
  pages={297--308},
  year={2004},
  publisher={Elsevier}
}

@article{10,
  title={Intuitionistic fuzzy geometric aggregation operators in the framework of Aczel-Alsina triangular norms and their application to multiple attribute decision making},
  author={Senapati, Tapan and Chen, Guiyun and Mesiar, Radko and Yager, Ronald Robert},
  journal={Expert Systems with Applications},
  volume={212},
  pages={118832},
  year={2023},
  publisher={Elsevier}
}


@article{11,
  title={Some issues on intuitionistic fuzzy aggregation operators based on Archimedean t-conorm and t-norm},
  author={Xia, Meimei and Xu, Zeshui and Zhu, Bin},
  journal={Knowledge-Based Systems},
  volume={31},
  pages={78--88},
  year={2012},
  publisher={Elsevier}
}

@article{13,
  title={Multiple attribute decision-making method for dealing with heterogeneous relationship among attributes and unknown attribute weight information under q-rung orthopair fuzzy environment},
  author={Zhengmin, Liu and , Peide and Liang, Xia},
  journal={International Journal of Intelligent Systems},
  volume={33},
  number={9},
  pages={1900--1928},
  year={2018},
  publisher={Wiley Online Library}
}